@misc{Wiki,
	title = {Wikipedia - Brandt Brauer Frick},
	howpublished = {\url{https://de.wikipedia.org/wiki/Brandt_Brauer_Frick}},
	note = {Zugriff: 15.12.2018}
}